<?xml version="1.0" encoding="UTF-8"?><collection xmlns="http://www.loc.gov/MARC21/slim"><record><leader>00457nam--2200181-u-4500</leader><controlfield tag="001">000055118</controlfield><controlfield tag="002">20161230</controlfield><controlfield tag="005">20161230201052</controlfield><controlfield tag="008">121105s1000------------r-----000-0-rus-d</controlfield><datafield ind1=" " ind2=" " tag="040"><subfield code="a">IFIN-HH</subfield></datafield><datafield ind1=" " ind2=" " tag="041"><subfield code="a">rus</subfield></datafield><datafield ind1=" " ind2=" " tag="080"><subfield code="a">535.518:538.9</subfield></datafield><datafield ind1="1" ind2=" " tag="100"><subfield code="a">Gorohovatskii, Iu.A</subfield></datafield><datafield ind1="1" ind2="0" tag="245"><subfield code="a">Osnovi termodepolizationnogo analiza</subfield><subfield code="c">Iu.a gorohovatskii</subfield></datafield><datafield ind1=" " ind2=" " tag="260"><subfield code="a">Moskkva</subfield><subfield code="b">Nauka</subfield><subfield code="c">1981</subfield></datafield><datafield ind1=" " ind2=" " tag="300"><subfield code="a">173P</subfield></datafield><datafield ind1=" " ind2=" " tag="852"><subfield code="a">70066</subfield><subfield code="c">539.2</subfield></datafield><datafield ind1=" " ind2=" " tag="CAT"><subfield code="a">Sys</subfield><subfield code="c">20121105</subfield><subfield code="h">113720</subfield></datafield></record></collection>